<?xml version="1.0" encoding="UTF-8"?><collection xmlns="http://www.loc.gov/MARC21/slim"><record><leader>00468nam--2200169-i-4500</leader><controlfield tag="001">000045958</controlfield><controlfield tag="002">20161230</controlfield><controlfield tag="005">20170118225008</controlfield><controlfield tag="008">060222s1000------------r-----000-0-eng-d</controlfield><datafield ind1=" " ind2=" " tag="080"><subfield code="a">534-8</subfield></datafield><datafield ind1=" " ind2=" " tag="245"><subfield code="a">Ultrasonics - two symposia</subfield></datafield><datafield ind1=" " ind2=" " tag="260"><subfield code="a">New York</subfield><subfield code="b">American Institute Of Chemical Engineers</subfield><subfield code="c">1951</subfield></datafield><datafield ind1=" " ind2=" " tag="300"><subfield code="a">87 p</subfield></datafield><datafield ind1=" " ind2=" " tag="490"><subfield code="a">Chemical Engineering Progress Symposium Series</subfield></datafield><datafield ind1=" " ind2=" " tag="700"><subfield code="a">Antwerpen, F. J. Van</subfield></datafield><datafield ind1=" " ind2=" " tag="852"><subfield code="a">10950</subfield></datafield><datafield ind1=" " ind2=" " tag="CAT"><subfield code="a">SYS</subfield><subfield code="c">20170118</subfield><subfield code="h">225008</subfield></datafield></record></collection>